% This file was created with JabRef 2.8.1.
% Encoding: UTF-8

@BOOK{rubini2005ldd,
  title = {Linux Device Drivers},
  publisher = {O'Reilly Media, Incorporated},
  year = {2005},
  author = {Corbet, J. and Rubini, A. and Kroah-Hartman, G.},
  series = {Oreilly Software Series},
  isbn = {9780596005900},
  lccn = {2005281422},
  owner = {fabri},
  timestamp = {2012.09.15},
  url = {http://books.google.it/books?id=M7RHMACEkg4C}
}

@MISC{embedded2001i2cintro,
  author = {David Kalinsky, Roee Kalinsky},
  title = {Introduction to I2C},
  year = {2001},
  owner = {fabri},
  timestamp = {2012.09.18},
  url = {http://embedded.com/electronics-blogs/beginner-s-corner/4023816/Introduction-to-I2C}
}

@BOOK{kerrisk2010lpi,
  title = {The Linux Programming Interface: A Linux and UNIX System Programming
	Handbook},
  publisher = {No Starch Press},
  year = {2010},
  author = {Kerrisk, M.},
  series = {No Starch Press Series},
  isbn = {9781593272203},
  lccn = {2010001947},
  owner = {fabri},
  timestamp = {2012.09.15},
  url = {http://books.google.it/books?id=Ps2SH727eCIC}
}

@BOOK{loeliger2012git,
  title = {Version Control with Git: Powerful tools and techniques for collaborative
	software development},
  publisher = {O'Reilly Media},
  year = {2012},
  author = {Loeliger, J. and McCullough, M.},
  isbn = {9781449345044},
  owner = {fabri},
  timestamp = {2012.09.15},
  url = {http://books.google.it/books?id=qIucp61eqAwC}
}

@BOOK{love2010lkd,
  title = {Linux Kernel Development},
  publisher = {Addison-Wesley},
  year = {2010},
  author = {Love, R.},
  series = {Developer's Library},
  isbn = {9780672329463},
  lccn = {2010018961},
  owner = {fabri},
  timestamp = {2012.09.15},
  url = {http://books.google.it/books?id=3MWRMYRwulIC}
}

@BOOK{sally2009proles,
  title = {Pro Linux Embedded Systems},
  publisher = {Apress},
  year = {2009},
  author = {Sally, G.},
  series = {Apresspod Series},
  __markedentry = {[fabri:]},
  isbn = {9781430272274},
  owner = {fabri},
  timestamp = {2012.09.15},
  url = {http://books.google.it/books?id=3pBP5Y\_fLDkC}
}

@BOOK{venkateswaran2008eldd,
  title = {Essential Linux Device Drivers},
  publisher = {Prentice Hall},
  year = {2008},
  author = {Venkateswaran, S.},
  series = {Prentice Hall Open Source Software Development Series},
  isbn = {9780132396554},
  lccn = {2008000249},
  owner = {fabri},
  timestamp = {2012.09.15},
  url = {http://books.google.it/books?id=Boo57V0IOq0C}
}

@BOOK{yaghmour2008bels,
  title = {Building Embedded Linux Systems},
  publisher = {O'Reilly Media, Incorporated},
  year = {2008},
  author = {Yaghmour, K. and Masters, J. and Ben-Yossef, G. and Gerum, P.},
  series = {Oreilly Series},
  __markedentry = {[fabri:]},
  isbn = {9780596529680},
  lccn = {2009417595},
  owner = {fabri},
  timestamp = {2012.09.15},
  url = {http://books.google.it/books?id=I-hVqkX6A9cC}
}

